<?xml version="1.0" encoding="UTF-8"?><collection xmlns="http://www.loc.gov/MARC21/slim"><record><leader>00350nam--2200133-i-4500</leader><controlfield tag="001">000045645</controlfield><controlfield tag="002">20161230</controlfield><controlfield tag="005">20161230201045</controlfield><controlfield tag="008">060222s1000------------r-----000-0-eng-d</controlfield><datafield ind1=" " ind2=" " tag="080"><subfield code="a">548.7:535.34-1:535.375.7</subfield></datafield><datafield ind1=" " ind2=" " tag="100"><subfield code="a">Turrell, George</subfield></datafield><datafield ind1=" " ind2=" " tag="245"><subfield code="a">Infrared and raman spectra of crystals</subfield></datafield><datafield ind1=" " ind2=" " tag="260"><subfield code="a">London, Acad.Press, 1972, Xii+384p</subfield></datafield><datafield ind1=" " ind2=" " tag="852"><subfield code="a">38333</subfield></datafield></record></collection>